@article{murphy2006java,
  title={How are Java software developers using the Elipse IDE?},
  author={Murphy, Gail C and Kersten, Mik and Findlater, Leah},
  journal={Software, IEEE},
  volume={23},
  number={4},
  pages={76--83},
  year={2006},
  publisher={IEEE}
}

@inproceedings{omar2012active,
  title={Active code completion},
  author={Omar, Cyrus and Yoon, YoungSeok and LaToza, Thomas D and Myers, Brad A},
  booktitle={Proceedings of the 2012 International Conference on Software Engineering},
  pages={859--869},
  year={2012},
  organization={IEEE Press}
}

@inproceedings{hackett2012fast,
  title={Fast and precise hybrid type inference for JavaScript},
  author={Hackett, Brian and Guo, Shu-yu},
  booktitle={ACM SIGPLAN Notices},
  volume={47},
  number={6},
  pages={239--250},
  year={2012},
  organization={ACM}
}

@inproceedings{kashyap2013type,
  title={Type refinement for static analysis of JavaScript},
  author={Kashyap, Vineeth and Sarracino, John and Wagner, John and Wiedermann, Ben and Hardekopf, Ben},
  booktitle={Proceedings of the 9th symposium on Dynamic languages},
  pages={17--26},
  year={2013},
  organization={ACM}
}

@inproceedings{ocariza2013empirical,
  title={An Empirical Study of Client-Side JavaScript Bugs},
  author={Ocariza, Frolin S and Bajaj, Kartik and Pattabiraman, Karthik and Mesbah, Ali},
  booktitle={Empirical Software Engineering and Measurement, 2013 ACM/IEEE International Symposium on},
  pages={55--64},
  year={2013},
  organization={IEEE}
}

@inproceedings{ocariza2011javascript,
  title={JavaScript errors in the wild: An empirical study},
  author={Ocariza, FS and Pattabiraman, Karthik and Zorn, Benjamin},
  booktitle={Software Reliability Engineering (ISSRE), 2011 IEEE 22nd International Symposium on},
  pages={100--109},
  year={2011},
  organization={IEEE}
}






























@inproceedings{robbes2008program,
  title={How program history can improve code completion},
  author={Robbes, Romain and Lanza, Michele},
  booktitle={Automated Software Engineering, 2008. ASE 2008. 23rd IEEE/ACM International Conference on},
  pages={317--326},
  year={2008},
  organization={IEEE}
}
@inproceedings{hou2011evaluation,
  title={An evaluation of the strategies of sorting, filtering, and grouping API methods for code completion},
  author={Hou, Daqing and Pletcher, David M},
  booktitle={Software Maintenance (ICSM), 2011 27th IEEE International Conference on},
  pages={233--242},
  year={2011},
  organization={IEEE}
}
@article{lee2008towards,
  title={Towards a generic infrastructure for framework-specific integrated development environment extensions},
  author={Lee, Herman and Antkiewicz, Michal and Czarnecki, Krzysztof and others},
  journal={Domain-Specific Program Development},
  year={2008}
}

@inproceedings{han2009code,
  title={Code completion from abbreviated input},
  author={Han, Sangmok and Wallace, David R and Miller, Robert C},
  booktitle={Automated Software Engineering, 2009. ASE'09. 24th IEEE/ACM International Conference on},
  pages={332--343},
  year={2009},
  organization={IEEE}
}

@inproceedings{bruch2009learning,
  title={Learning from examples to improve code completion systems},
  author={Bruch, Marcel and Monperrus, Martin and Mezini, Mira},
  booktitle={Proceedings of the the 7th joint meeting of the European software engineering conference and the ACM SIGSOFT symposium on The foundations of software engineering},
  pages={213--222},
  year={2009},
  organization={ACM}
}

@inproceedings{brandt2010example,
  title={Example-centric programming: integrating web search into the development environment},
  author={Brandt, Joel and Dontcheva, Mira and Weskamp, Marcos and Klemmer, Scott R},
  booktitle={Proceedings of the SIGCHI Conference on Human Factors in Computing Systems},
  pages={513--522},
  year={2010},
  organization={ACM}
}

@inproceedings{mooty2010calcite,
  title={Calcite: Completing code completion for constructors using crowds},
  author={Mooty, Mathew and Faulring, Andrew and Stylos, Jeffrey and Myers, Brad A},
  booktitle={Visual Languages and Human-Centric Computing (VL/HCC), 2010 IEEE Symposium on},
  pages={15--22},
  year={2010},
  organization={IEEE}
}